@misc{gfg,
    author = "{rakshitarora}",
    title = "{Python program to Recursively scrape all the URLs of the website}",
    howpublished = "\url{https://www.geeksforgeeks.org/python-program-to-recursively-scrape-all-the-urls-of-the-website/}"
}
@lol{wkpd,
    title = "{Web Crawler}",
    howpublished = "\url{https://en.wikipedia.org/wiki/Web_crawler}"
}
